@INPROCEEDINGS{Pollack92implicitsyntax,
    author = {Robert Pollack},
    title = {Implicit Syntax},
    booktitle = {Informal Proceedings of First Workshop on Logical Frameworks},
    year = {1992},
    pages = {pages}
}
@article{DBLP:journals/corr/abs-1202-4905,
  author    = {Andrea Asperti and
               Wilmer Ricciotti and
               Claudio Sacerdoti Coen and
               Enrico Tassi},
  title     = {A Bi-Directional Refinement Algorithm for the {Calculus of (Co)Inductive Constructions}},
  journal   = {Logical Methods in Computer Science},
  volume    = {8},
  number    = {1},
  year      = {2012},
  url       = {http://dx.doi.org/10.2168/LMCS-8(1:18)2012},
  doi       = {10.2168/LMCS-8(1:18)2012},
  timestamp = {Mon, 15 Oct 2012 13:17:50 +0200},
  biburl    = {http://dblp.uni-trier.de/rec/bib/journals/corr/abs-1202-4905},
  bibsource = {dblp computer science bibliography, http://dblp.org}
}
@PHDTHESIS{jojgov,
  author = {Gueorgui I. Jojgov},
  title = {Incomplete Proofs and Terms and Their Use in Interactive
	  Theorem Provers},
  school = {Institute for Programming research and Algorithms,
	  Eindhoven University of Technology},
  year ={2004},
  url = {http://alexandria.tue.nl/extra2/200410897.pdf},
  }


@article{DBLP:journals/jsc/Miller92,
  author    = {Dale Miller},
  title     = {Unification Under a Mixed Prefix},
  journal   = {J. Symb. Comput.},
  volume    = {14},
  number    = {4},
  pages     = {321--358},
  year      = {1992},
  url       = {http://dx.doi.org/10.1016/0747-7171(92)90011-R},
  doi       = {10.1016/0747-7171(92)90011-R},
  timestamp = {Tue, 20 Sep 2011 11:17:55 +0200},
  biburl    = {http://dblp.uni-trier.de/rec/bib/journals/jsc/Miller92},
  bibsource = {dblp computer science bibliography, http://dblp.org}
}



@inproceedings{unifcoq,
 title = {Towards A Better Behaved Unification Algorithm for {Coq}},
 author = {Matthieu Sozeau and Beta Ziliani},
 booktitle = {Proceedings of The 28th International Workshop on
	 Unification},
 year = {2014},
 url = {http://www.pps.univ-paris-diderot.fr/~sozeau/research/publications/Towards_A_Better_Behaved_Unification_Algorithm_for_Coq-UNIF14-130714.pdf}
}

@article{betaderekjournal,
  author    = {Georges Gonthier and
               Beta Ziliani and
               Aleksandar Nanevski and
               Derek Dreyer},
  title     = {How to make ad hoc proof automation less ad hoc},
  journal   = {J. Funct. Program.},
  volume    = {23},
  number    = {4},
  pages     = {357--401},
  year      = {2013},
  url       = {http://dx.doi.org/10.1017/S0956796813000051},
  doi       = {10.1017/S0956796813000051},
}

@article{Hedberg,
 author = {Hedberg, Michael},
 title = {A Coherence Theorem for {Martin-L\"of's Type Theory}},
 journal = {J. Funct. Program.},
 issue_date = {July 1998},
 volume = {8},
 number = {4},
 month = jul,
 year = {1998},
 issn = {0956-7968},
 pages = {413--436},
 numpages = {24},
 url = {http://dx.doi.org/10.1017/S0956796898003153},
 doi = {10.1017/S0956796898003153},
 acmid = {969597},
 publisher = {Cambridge University Press},
 address = {New York, NY, USA},
}

@techreport{ssrman,
  TITLE = {{A {Small Scale Reflection} Extension for the {Coq} system}},
  AUTHOR = {Gonthier, Georges and Mahboubi, Assia and Tassi, Enrico},
  URL = {https://hal.inria.fr/inria-00258384},
  TYPE = {Research Report},
  NUMBER = {RR-6455},
  INSTITUTION = {{Inria Saclay Ile de France}},
  YEAR = {2015},
  PDF = {https://hal.inria.fr/inria-00258384/file/main.pdf},
  HAL_ID = {inria-00258384},
}

@Book{hottbook,
  author =    {The {Univalent Foundations Program}},
  title =     {Homotopy Type Theory: Univalent Foundations of Mathematics},
  publisher = {\url{https://homotopytypetheory.org/book}},
  address =   {Institute for Advanced Study},
  year =      2013}

@Book{CPDT,
  title={Certified Programming with Dependent Types},
  author={Adam Chlipala},
  publisher={The MIT Press},
  year={2014},
  isbn={9780262026659},
}

@inproceedings{packedclasses,
  TITLE = {{Packaging Mathematical Structures}},
  AUTHOR = {Garillot, Fran{\c c}ois and Gonthier, Georges and Mahboubi, Assia and Rideau, Laurence},
  URL = {https://hal.inria.fr/inria-00368403},
  BOOKTITLE = {{Theorem Proving in Higher Order Logics}},
  ADDRESS = {Munich, Germany},
  EDITOR = {Tobias Nipkow and Christian Urban},
  PUBLISHER = {{Springer}},
  SERIES = {Lecture Notes in Computer Science},
  VOLUME = {5674},
  YEAR = {2009},
  KEYWORDS = {Formalization of Algebra ; Coercive subtyping ; Type inference ; Coq ; SSReflect},
  PDF = {https://hal.inria.fr/inria-00368403/file/main.pdf},
  HAL_ID = {inria-00368403},
  HAL_VERSION = {v2},
}

@book{gorenstein2007finite,
  title={Finite Groups},
  author={Gorenstein, D.},
  isbn={9780821843420},
  series={AMS Chelsea Publishing Series},
  year={2007},
  publisher={AMS Chelsea Publishing, American Mathematical Society}
}

@book{ 9781139175319,
author = "M. Aschbacher",
title = {Finite Group Theory},
publisher = {Cambridge University Press},
year = {2000},
isbn = {9781139175319},
edition = {Second},
note = {Cambridge Books Online},
url = {http://dx.doi.org/10.1017/CBO9781139175319}
}

@book{isaacs1976character,
  title={Character Theory of Finite Groups},
  author={Isaacs, I.M.},
  isbn={9780821842294},
  lccn={2006049869},
  series={AMS Chelsea Pub. Series},
  Xseries={AMS Chelsea Publishing Series},
  year={1976},
  publisher={AMS Chelsea Pub.}
}

@inproceedings{DBLP:conf/mkm/Mahboubi13,
  author    = {Assia Mahboubi},
  title     = {The Rooster and the Butterflies},
  booktitle = {Intelligent Computer Mathematics - MKM, Calculemus, DML, and Systems
               and Projects 2013, Held as Part of {CICM} 2013, Bath, UK, July 8-12,
               2013. Proceedings},
  pages     = {1--18},
  year      = {2013},
  url       = {http://dx.doi.org/10.1007/978-3-642-39320-4_1},
  doi       = {10.1007/978-3-642-39320-4_1},
  timestamp = {Wed, 09 Sep 2015 16:45:59 +0200},
  biburl    = {http://dblp.uni-trier.de/rec/bib/conf/mkm/Mahboubi13},
  bibsource = {dblp computer science bibliography, http://dblp.org}
}

@Manual{Coq:manual,
  title =        {The Coq proof assistant reference manual},
  author =       {{Coqdev - The Coq development team}},
  organization = {Inria},
  url =          "http://coq.inria.fr",
}

@inproceedings{DBLP:conf/itp/Cohen12,
  author    = {Cyril Cohen},
  title     = {Construction of Real Algebraic Numbers in Coq},
  booktitle = {Interactive Theorem Proving - Third International Conference, {ITP}
               2012, Princeton, NJ, USA, August 13-15, 2012. Proceedings},
  pages     = {67--82},
  year      = {2012},
  url       = {http://dx.doi.org/10.1007/978-3-642-32347-8_6},
  doi       = {10.1007/978-3-642-32347-8_6},
  timestamp = {Tue, 14 Aug 2012 11:20:26 +0200},
  biburl    = {http://dblp.uni-trier.de/rec/bib/conf/itp/Cohen12},
  bibsource = {dblp computer science bibliography, http://dblp.org}
}

@book{BC04,
  author = {Bertot, Yves and Cast\'eran, Pierre},
  title = {Interactive Theorem Proving and Program Development. Coq'Art: The Calculus of Inductive Constructions},
  year = {2004},
  publisher = {Springer},
}

@book{SF,
  author = {Benjamin C. Pierce and Chris Casinghino and Marco Gaboardi and
                  Michael Greenberg and C\v{a}t\v{a}lin Hri\c{t}cu
                  and Vilhelm Sjoberg and Brent Yorgey},
  title = {Software Foundations},
  year = {2015},
  publisher = {Electronic textbook},
  plclub = {Yes},
  bcp = {Yes},
  keys = {poplmark,books},
}
@incollection{paulinmohring:hal-01094195,
  TITLE = {{Introduction to the Calculus of Inductive Constructions}},
  AUTHOR = {Paulin-Mohring, Christine},
  URL = {https://hal.inria.fr/hal-01094195},
  BOOKTITLE = {{All about Proofs, Proofs for All}},
  EDITOR = {Bruno Woltzenlogel Paleo and David Delahaye},
  PUBLISHER = {{College Publications}},
  SERIES = {Studies in Logic (Mathematical logic and foundations)},
  VOLUME = {55},
  YEAR = {2015},
  MONTH = Jan,
  KEYWORDS = {Coq proof assistant ; Calculus of Inductive Constructions},
  PDF = {https://hal.inria.fr/hal-01094195/file/CIC.pdf},
  HAL_ID = {hal-01094195},
  HAL_VERSION = {v1},
}

@inproceedings{mahboubi:hal-00816703,
  TITLE = {{Canonical Structures for the working Coq user}},
  AUTHOR = {Mahboubi, Assia and Tassi, Enrico},
  URL = {https://hal.inria.fr/hal-00816703},
  BOOKTITLE = {{ITP 2013, 4th Conference on Interactive Theorem Proving}},
  ADDRESS = {Rennes, France},
  EDITOR = {Sandrine Blazy and Christine Paulin and David Pichardie},
  PUBLISHER = {{Springer}},
  SERIES = {LNCS},
  VOLUME = {7998},
  PAGES = {19-34},
  YEAR = {2013},
  MONTH = Jul,
  DOI = {10.1007/978-3-642-39634-2\_5},
  PDF = {https://hal.inria.fr/hal-00816703/file/main.pdf},
  HAL_ID = {hal-00816703},
  HAL_VERSION = {v2},
}

@inproceedings{gonthier:hal-00805966,
  TITLE = {{Point-Free, Set-Free Concrete Linear Algebra}},
  AUTHOR = {Gonthier, Georges},
  URL = {https://hal.inria.fr/hal-00805966},
  BOOKTITLE = {{Interactive Theorem Proving - ITP 2011}},
  ADDRESS = {Berg en Dal, Netherlands},
  ORGANIZATION = {{Radboud University of Nijmegen}},
  EDITOR = {Marko C. J. D. van Eekelen and Herman Geuvers and Julien Schmaltz and Freek Wiedijk},
  PUBLISHER = {{Springer}},
  SERIES = {},
  VOLUME = {6898},
  PAGES = {103-118},
  YEAR = {2011},
  MONTH = Aug,
  DOI = {10.1007/978-3-642-22863-6\_10},
  KEYWORDS = {Formalization of Mathematics ; Linear Algebra ; Module Theory ; Algebra ; Type inference ; Coq ; ssreflect},
  PDF = {https://hal.inria.fr/hal-00805966/file/main.pdf},
  HAL_ID = {hal-00805966},
  HAL_VERSION = {v1},
}

@inproceedings{gonthier:hal-00816699,
  TITLE = {{A Machine-Checked Proof of the Odd Order Theorem}},
  AUTHOR = {Gonthier, Georges and Asperti, Andrea and Avigad, Jeremy and Bertot, Yves and Cohen, Cyril and Garillot, Fran{\c c}ois and Le Roux, St{\'e}phane and Mahboubi, Assia and O'Connor, Russell and Ould Biha, Sidi and Pasca, Ioana and Rideau, Laurence and Solovyev, Alexey and Tassi, Enrico and Th{\'e}ry, Laurent},
  URL = {https://hal.inria.fr/hal-00816699},
  BOOKTITLE = {{ITP 2013, 4th Conference on Interactive Theorem Proving}},
  ADDRESS = {Rennes, France},
  EDITOR = {Sandrine Blazy and Christine Paulin and David Pichardie},
  PUBLISHER = {{Springer}},
  SERIES = {LNCS},
  VOLUME = {7998},
  PAGES = {163-179},
  YEAR = {2013},
  MONTH = Jul,
  DOI = {10.1007/978-3-642-39634-2\_14},
  PDF = {https://hal.inria.fr/hal-00816699/file/main.pdf},
  HAL_ID = {hal-00816699},
  HAL_VERSION = {v1},
}

@article{Gonthier08,
    author = {Gonthier, Georges},
    citeulike-article-id = {3749938},
    citeulike-linkout-0 = {http://www.ams.org/notices/200811/tx081101382p.pdf},
    journal = {Notices of the American Mathematical Society},
    keywords = {2008, formal, mathematics, proof},
    month = dec,
    number = {11},
    pages = {1382--1393},
    posted-at = {2008-12-05 11:47:02},
    priority = {2},
    title = {{Formal Proof -- The Four-Color Theorem}},
    url = {http://www.ams.org/notices/200811/tx081101382p.pdf},
    volume = {55},
    year = {2008}
}

@book{nederpelt-94,
    citeulike-article-id = {7631015},
    editor = {Nederpelt, Rob and Geuvers, Herman and de Vrijer, Roel},
    keywords = {master-project, theorem-proving, verification},
    posted-at = {2010-08-13 13:39:54},
    priority = {0},
    publisher = {North-Holland},
    series = {Studies in Logic and the Foundations of Mathematics},
    title = {{Selected Papers on Automath}},
    volume = {133},
    year = {1994}
}
@misc{cubicaltt,
  author    = {Cohen, Cyril and Coquand, Thierry and Huber, Simon and M\"ortberg, Anders},
  title     = {{Cubical Type Theory: a constructive interpretation of
                  the univalence axiom}},
  year = 2015,
  note = {Preprint},
}

@book {ttfp,
    AUTHOR = {Nederpelt, Rob and Geuvers, Herman},
     TITLE = {Type theory and formal proof},
      NOTE = {An introduction,
              With a foreword by Henk Barendregt},
 PUBLISHER = {Cambridge University Press, Cambridge},
      YEAR = {2014},
     PAGES = {xxv+436},
      ISBN = {978-1-107-03650-5},
   MRCLASS = {03-01 (03B40 68-01 68N18)},
  MRNUMBER = {3445957},
       DOI = {10.1017/CBO9781139567725},
       URL = {http://dx.doi.org/10.1017/CBO9781139567725},
}


@InCollection{handbook-ar,
  author =   {Henk Barendregt and Herman Geuvers},
  editor =    {A. Robinson and A. Voronkov},
  title =        {Proof Assistants using Dependent Type Systems},
  booktitle =        {Handbook of Automated Reasoning},
  chapter =      {18},
  publisher =    {Elsevier},
  year =         {2001},
  volume =    {2},
  pages =     {1149 -- 1238},
}

@inproceedings{CoPa89,
  author = {Thierry Coquand and Christine Paulin-Mohring},
  Xbooktitle = {Proceedings of Colog'88},
  booktitle = {Colog'88},
  Xeditor = {P. Martin-L{\"o}f and G. Mints},
  series = {LNCS},
  volume = 417,
  publisher = {Springer-Verlag},
  title = {Inductively defined types},
  year = {1990}
}

@article{coquand:huet:88,
	author = {Thierry Coquand and G\'{e}rard Huet},
	fjournal = {Information and Computation},
	issn = {0890-5401},
	journal = {Information and Computation},
	mrclass = {68Q55 (03B15 03B35 03B40 03B70)},
	mrnumber = {935892 (89j:68096)},
	mrreviewer = {R. P. Nederpelt},
	number = {2-3},
	pages = {95--120},
	title = {{The calculus of constructions}},
	volume = {76},
	year = {1988}
}

@inproceedings{Moh93,
  author = {Christine Paulin-Mohring},
  booktitle = {Proceedings of the conference Typed Lambda Calculi and Applications},
  editor = {M. Bezem and J.-F. Groote},
  institution = {LIP-ENS Lyon},
  note = {LIP research report 92-49},
  number = 664,
  series = {Lecture Notes in Computer Science},
  title = {{Inductive Definitions in the System {Coq} -
                              Rules and Properties}},
  type = {research report},
  year = 1993
}

@Book{bourbaki-sets,
    AUTHOR = {Bourbaki, Nicolas},
     TITLE = {Theory of sets},
    SERIES = {Elements of Mathematics (Berlin)},
      NOTE = {Reprint of the 1968 English translation [Hermann, Paris;
              MR0237342]},
 PUBLISHER = {Springer-Verlag, Berlin},
      YEAR = {2004},
     PAGES = {viii+414},
      ISBN = {3-540-22525-0},
   MRCLASS = {01A75},
  MRNUMBER = {2102219},
       DOI = {10.1007/978-3-642-59309-3},
       URL = {http://dx.doi.org/10.1007/978-3-642-59309-3}
}

@book{Weinberg:1985:PCP:536771,
 author = {Weinberg, Gerald M.},
 title = {The  Psychology of Computer Programming},
 year = {1985},
 isbn = {0442292643},
 publisher = {John Wiley \& Sons, Inc.},
 address = {New York, NY, USA},
} 

@book{ITT,
  author = {Per Martin-L\"of},
  title = {Intuitionistic Type Theory},
  editor = {Notes by Giovanni Sambin of a series of lectures given in Padua},
  year = {1980},
  month = {June},
  publisher = {Bibliopolis},
  city = {Napoli}
}

@article{ch,
  author = {William Howard},
  title = {The formulae-as-types notion of construction},
  editor = {J. Roger Seldin and Jonathan P. Hindley},
  booktitle = {To H.B. Curry: Essays on Combinatory Logic, Lambda Calculus and Formalism},
  pages = {479–490},
  publisher = {Academic Press},
  year = {1980}
}

@inproceedings{gregoire:hal-00819484,
  TITLE = {{Proving Equalities in a Commutative Ring Done Right in Coq}},
  AUTHOR = {Gregoire, Benjamin and Mahboubi, Assia},
  URL = {https://hal.inria.fr/hal-00819484},
  BOOKTITLE = {{TPHOLs 2005}},
  ADDRESS = {Oxford, United Kingdom},
  EDITOR = {Joe Hurd and Tom Melham},
  PUBLISHER = {{Springer}},
  SERIES = {Lecture Notes in Computer Science},
  VOLUME = {3603},
  PAGES = {98-113},
  YEAR = {2005},
  MONTH = Aug,
  DOI = {10.1007/11541868\_7},
  HAL_ID = {hal-00819484},
  HAL_VERSION = {v1},
}
